%YAML 1.1
%TAG !u! tag:unity3d.com,2011:
--- !u!1001 &100100000
Prefab:
  m_ObjectHideFlags: 1
  serializedVersion: 2
  m_Modification:
    m_TransformParent: {fileID: 0}
    m_Modifications: []
    m_RemovedComponents: []
  m_ParentPrefab: {fileID: 0}
  m_RootGameObject: {fileID: 1329222303428868}
  m_IsPrefabParent: 1
--- !u!1 &1114161298721606
GameObject:
  m_ObjectHideFlags: 0
  m_PrefabParentObject: {fileID: 0}
  m_PrefabInternal: {fileID: 100100000}
  serializedVersion: 5
  m_Component:
  - component: {fileID: 4754348790376372}
  - component: {fileID: 114570999331558104}
  m_Layer: 0
  m_Name: FlyingBugPath
  m_TagString: Untagged
  m_Icon: {fileID: 0}
  m_NavMeshLayer: 0
  m_StaticEditorFlags: 0
  m_IsActive: 1
--- !u!1 &1310504410352858
GameObject:
  m_ObjectHideFlags: 0
  m_PrefabParentObject: {fileID: 0}
  m_PrefabInternal: {fileID: 100100000}
  serializedVersion: 5
  m_Component:
  - component: {fileID: 4661033670918124}
  - component: {fileID: 212012548381247728}
  - component: {fileID: 95573130940793078}
  - component: {fileID: 114410705452612446}
  - component: {fileID: 70746871135759814}
  m_Layer: 0
  m_Name: FlyingBug
  m_TagString: enemy
  m_Icon: {fileID: 0}
  m_NavMeshLayer: 0
  m_StaticEditorFlags: 0
  m_IsActive: 1
--- !u!1 &1329222303428868
GameObject:
  m_ObjectHideFlags: 0
  m_PrefabParentObject: {fileID: 0}
  m_PrefabInternal: {fileID: 100100000}
  serializedVersion: 5
  m_Component:
  - component: {fileID: 4451103704905972}
  m_Layer: 0
  m_Name: FlyingBug
  m_TagString: Untagged
  m_Icon: {fileID: 0}
  m_NavMeshLayer: 0
  m_StaticEditorFlags: 0
  m_IsActive: 1
--- !u!1 &1377409548080582
GameObject:
  m_ObjectHideFlags: 1
  m_PrefabParentObject: {fileID: 0}
  m_PrefabInternal: {fileID: 100100000}
  serializedVersion: 5
  m_Component:
  - component: {fileID: 4394772737119434}
  - component: {fileID: 60499785303969528}
  - component: {fileID: 114610475848337320}
  m_Layer: 0
  m_Name: FlyingBugArea
  m_TagString: Untagged
  m_Icon: {fileID: 0}
  m_NavMeshLayer: 0
  m_StaticEditorFlags: 0
  m_IsActive: 1
--- !u!1 &1928248762338034
GameObject:
  m_ObjectHideFlags: 1
  m_PrefabParentObject: {fileID: 0}
  m_PrefabInternal: {fileID: 100100000}
  serializedVersion: 5
  m_Component:
  - component: {fileID: 4133703130954088}
  - component: {fileID: 114868182689689850}
  - component: {fileID: 70797963508258616}
  m_Layer: 0
  m_Name: DamageReceiver
  m_TagString: Untagged
  m_Icon: {fileID: 0}
  m_NavMeshLayer: 0
  m_StaticEditorFlags: 0
  m_IsActive: 1
--- !u!4 &4133703130954088
Transform:
  m_ObjectHideFlags: 1
  m_PrefabParentObject: {fileID: 0}
  m_PrefabInternal: {fileID: 100100000}
  m_GameObject: {fileID: 1928248762338034}
  m_LocalRotation: {x: -0, y: -0, z: -0, w: 1}
  m_LocalPosition: {x: 0, y: 0, z: 0}
  m_LocalScale: {x: 1, y: 1, z: 1}
  m_Children: []
  m_Father: {fileID: 4661033670918124}
  m_RootOrder: 0
  m_LocalEulerAnglesHint: {x: 0, y: 0, z: 0}
--- !u!4 &4394772737119434
Transform:
  m_ObjectHideFlags: 1
  m_PrefabParentObject: {fileID: 0}
  m_PrefabInternal: {fileID: 100100000}
  m_GameObject: {fileID: 1377409548080582}
  m_LocalRotation: {x: -0, y: -0, z: -0, w: 1}
  m_LocalPosition: {x: -1.88, y: -0.2, z: 0}
  m_LocalScale: {x: 1, y: 1, z: 1}
  m_Children: []
  m_Father: {fileID: 4661033670918124}
  m_RootOrder: 1
  m_LocalEulerAnglesHint: {x: 0, y: 0, z: 0}
--- !u!4 &4451103704905972
Transform:
  m_ObjectHideFlags: 1
  m_PrefabParentObject: {fileID: 0}
  m_PrefabInternal: {fileID: 100100000}
  m_GameObject: {fileID: 1329222303428868}
  m_LocalRotation: {x: 0, y: 0, z: 0, w: 1}
  m_LocalPosition: {x: 468, y: 7, z: 0}
  m_LocalScale: {x: 1, y: 1, z: 1}
  m_Children:
  - {fileID: 4661033670918124}
  - {fileID: 4754348790376372}
  m_Father: {fileID: 0}
  m_RootOrder: 0
  m_LocalEulerAnglesHint: {x: 0, y: 0, z: 0}
--- !u!4 &4661033670918124
Transform:
  m_ObjectHideFlags: 1
  m_PrefabParentObject: {fileID: 0}
  m_PrefabInternal: {fileID: 100100000}
  m_GameObject: {fileID: 1310504410352858}
  m_LocalRotation: {x: -0, y: -0, z: -0, w: 1}
  m_LocalPosition: {x: 0, y: 0, z: 0}
  m_LocalScale: {x: 1, y: 1, z: 1}
  m_Children:
  - {fileID: 4133703130954088}
  - {fileID: 4394772737119434}
  m_Father: {fileID: 4451103704905972}
  m_RootOrder: 0
  m_LocalEulerAnglesHint: {x: 0, y: 0, z: 0}
--- !u!4 &4754348790376372
Transform:
  m_ObjectHideFlags: 1
  m_PrefabParentObject: {fileID: 0}
  m_PrefabInternal: {fileID: 100100000}
  m_GameObject: {fileID: 1114161298721606}
  m_LocalRotation: {x: -0, y: -0, z: -0, w: 1}
  m_LocalPosition: {x: 6.4699707, y: 9.050003, z: 0}
  m_LocalScale: {x: 1, y: 1, z: 1}
  m_Children: []
  m_Father: {fileID: 4451103704905972}
  m_RootOrder: 1
  m_LocalEulerAnglesHint: {x: 0, y: 0, z: 0}
--- !u!60 &60499785303969528
PolygonCollider2D:
  m_ObjectHideFlags: 1
  m_PrefabParentObject: {fileID: 0}
  m_PrefabInternal: {fileID: 100100000}
  m_GameObject: {fileID: 1377409548080582}
  m_Enabled: 1
  m_Density: 1
  m_Material: {fileID: 0}
  m_IsTrigger: 1
  m_UsedByEffector: 0
  m_UsedByComposite: 0
  m_Offset: {x: 0, y: 0}
  m_SpriteTilingProperty:
    border: {x: 0, y: 0, z: 0, w: 0}
    pivot: {x: 0, y: 0}
    oldSize: {x: 0, y: 0}
    newSize: {x: 0, y: 0}
    adaptiveTilingThreshold: 0
    drawMode: 0
    adaptiveTiling: 0
  m_AutoTiling: 0
  m_Points:
    m_Paths:
    - - {x: -4.976349, y: 2.5146675}
      - {x: -6.441559, y: 1.5798893}
      - {x: -7.415863, y: 0.3493452}
      - {x: -7.6249695, y: -1.0172663}
      - {x: -7.0527344, y: -2.8582397}
      - {x: -5.9127197, y: -3.9468048}
      - {x: -4.9564514, y: -4.439209}
      - {x: -4.447693, y: -4.503483}
      - {x: 0.58778536, y: -0.80901694}
--- !u!70 &70746871135759814
CapsuleCollider2D:
  m_ObjectHideFlags: 1
  m_PrefabParentObject: {fileID: 0}
  m_PrefabInternal: {fileID: 100100000}
  m_GameObject: {fileID: 1310504410352858}
  m_Enabled: 1
  m_Density: 1
  m_Material: {fileID: 0}
  m_IsTrigger: 1
  m_UsedByEffector: 0
  m_UsedByComposite: 0
  m_Offset: {x: -0.07817364, y: -0.4950676}
  m_Size: {x: 1.5673885, y: 2.5054016}
  m_Direction: 0
--- !u!70 &70797963508258616
CapsuleCollider2D:
  m_ObjectHideFlags: 1
  m_PrefabParentObject: {fileID: 0}
  m_PrefabInternal: {fileID: 100100000}
  m_GameObject: {fileID: 1928248762338034}
  m_Enabled: 1
  m_Density: 1
  m_Material: {fileID: 0}
  m_IsTrigger: 1
  m_UsedByEffector: 0
  m_UsedByComposite: 0
  m_Offset: {x: -0.09222603, y: -0.584095}
  m_Size: {x: 1.4222565, y: 2.16819}
  m_Direction: 0
--- !u!95 &95573130940793078
Animator:
  serializedVersion: 3
  m_ObjectHideFlags: 1
  m_PrefabParentObject: {fileID: 0}
  m_PrefabInternal: {fileID: 100100000}
  m_GameObject: {fileID: 1310504410352858}
  m_Enabled: 1
  m_Avatar: {fileID: 0}
  m_Controller: {fileID: 9100000, guid: b3c6e34f35d614110a7b629c9b11ee8e, type: 2}
  m_CullingMode: 0
  m_UpdateMode: 0
  m_ApplyRootMotion: 0
  m_LinearVelocityBlending: 0
  m_WarningMessage: 
  m_HasTransformHierarchy: 1
  m_AllowConstantClipSamplingOptimization: 1
--- !u!114 &114410705452612446
MonoBehaviour:
  m_ObjectHideFlags: 1
  m_PrefabParentObject: {fileID: 0}
  m_PrefabInternal: {fileID: 100100000}
  m_GameObject: {fileID: 1310504410352858}
  m_Enabled: 1
  m_EditorHideFlags: 0
  m_Script: {fileID: 11500000, guid: 5afeab9ede15b4c339e44b30a64b7926, type: 3}
  m_Name: 
  m_EditorClassIdentifier: 
  config:
    animator: {fileID: 0}
    pathCreator: {fileID: 114570999331558104}
    endInstruction: 0
    speed: 7
    attackSpeed: 14
  state:
    direction: -1
    distanceTravelled: 0
    attackDistanceTravelled: 0
    isAttacking: 0
    isComingBack: 0
    attackTarget: {x: 0, y: 0, z: 0}
    isDead: 0
  bookKeeping:
    previousPosition: {x: 0, y: 0, z: 0}
--- !u!114 &114570999331558104
MonoBehaviour:
  m_ObjectHideFlags: 1
  m_PrefabParentObject: {fileID: 0}
  m_PrefabInternal: {fileID: 100100000}
  m_GameObject: {fileID: 1114161298721606}
  m_Enabled: 1
  m_EditorHideFlags: 0
  m_Script: {fileID: 11500000, guid: 8e5ac92bc18f545cc84cd886ece82b4d, type: 3}
  m_Name: 
  m_EditorClassIdentifier: 
  editorData:
    _bezierPath:
      points:
      - {x: -13.938751, y: -9.113892, z: 0}
      - {x: -7.285919, y: -6.7378807, z: 0}
      - {x: -9.73096, y: -2.2506943, z: 0}
      - {x: -1.1368408, y: -2.465536, z: 0}
      - {x: 6.985222, y: -2.6685772, z: 0}
      - {x: 4.8652115, y: -9.79277, z: 0}
      - {x: 13.555077, y: -9.656979, z: 0}
      - {x: 14.487876, y: -9.642403, z: 0}
      - {x: 22.577393, y: -7.7436066, z: 0}
      - {x: 22.448036, y: -5.8553715, z: 0}
      - {x: 22.336008, y: -4.2200823, z: 0}
      - {x: 19.176304, y: -1.3218881, z: 0}
      - {x: 13.61805, y: -2.3301678, z: 0}
      - {x: 3.9148636, y: -4.0903473, z: 0}
      - {x: 3.3520298, y: -8.558128, z: 0}
      - {x: -0.83675385, y: -9.181776, z: 0}
      - {x: -6.5065007, y: -10.025917, z: 0}
      - {x: -10.726593, y: -4.93639, z: 0}
      - {x: -14.210297, y: -3.0720387, z: 0}
      - {x: -16.420633, y: -1.8891468, z: 0}
      - {x: -22.026314, y: -3.093584, z: 0}
      - {x: -22.763924, y: -5.3801613, z: 0}
      - {x: -24.12165, y: -9.589094, z: 0}
      - {x: -14.97561, y: -9.484198, z: 0}
      isClosed: 1
      space: 1
      controlMode: 0
      autoControlLength: 0.3
      boundsUpToDate: 0
      bounds:
        m_Center: {x: 0, y: 0, z: 0}
        m_Extent: {x: 2, y: 0.14433756, z: 0}
      perAnchorNormalsAngle:
      - 0
      - 0
      - 0
      - 0
      - 0
      - 0
      - 0
      - 0
      globalNormalsAngle: 0
      flipNormals: 0
    vertexPathUpToDate: 1
    vertexPathMaxAngleError: 0.3
    vertexPathMinVertexSpacing: 0.01
    showTransformTool: 1
    showPathBounds: 0
    showPerSegmentBounds: 0
    displayAnchorPoints: 1
    displayControlPoints: 1
    bezierHandleScale: 10
    globalDisplaySettingsFoldout: 0
    keepConstantHandleSize: 0
    showNormalsInVertexMode: 0
    showBezierPathInVertexMode: 0
    showDisplayOptions: 1
    showPathOptions: 1
    showVertexPathDisplayOptions: 0
    showVertexPathOptions: 1
    showNormals: 0
    showNormalsHelpInfo: 0
    tabIndex: 0
  initialized: 1
--- !u!114 &114610475848337320
MonoBehaviour:
  m_ObjectHideFlags: 1
  m_PrefabParentObject: {fileID: 0}
  m_PrefabInternal: {fileID: 100100000}
  m_GameObject: {fileID: 1377409548080582}
  m_Enabled: 1
  m_EditorHideFlags: 0
  m_Script: {fileID: 11500000, guid: f69d1890e48824881ba05d37841a9cac, type: 3}
  m_Name: 
  m_EditorClassIdentifier: 
  flyingBug: {fileID: 114410705452612446}
--- !u!114 &114868182689689850
MonoBehaviour:
  m_ObjectHideFlags: 1
  m_PrefabParentObject: {fileID: 0}
  m_PrefabInternal: {fileID: 100100000}
  m_GameObject: {fileID: 1928248762338034}
  m_Enabled: 1
  m_EditorHideFlags: 0
  m_Script: {fileID: 11500000, guid: ff59aeee312234d5d8baf1940a56c4e0, type: 3}
  m_Name: 
  m_EditorClassIdentifier: 
  enemy: {fileID: 4661033670918124}
--- !u!212 &212012548381247728
SpriteRenderer:
  m_ObjectHideFlags: 1
  m_PrefabParentObject: {fileID: 0}
  m_PrefabInternal: {fileID: 100100000}
  m_GameObject: {fileID: 1310504410352858}
  m_Enabled: 1
  m_CastShadows: 0
  m_ReceiveShadows: 0
  m_DynamicOccludee: 1
  m_MotionVectors: 1
  m_LightProbeUsage: 1
  m_ReflectionProbeUsage: 1
  m_Materials:
  - {fileID: 10754, guid: 0000000000000000f000000000000000, type: 0}
  m_StaticBatchInfo:
    firstSubMesh: 0
    subMeshCount: 0
  m_StaticBatchRoot: {fileID: 0}
  m_ProbeAnchor: {fileID: 0}
  m_LightProbeVolumeOverride: {fileID: 0}
  m_ScaleInLightmap: 1
  m_PreserveUVs: 0
  m_IgnoreNormalsForChartDetection: 0
  m_ImportantGI: 0
  m_StitchLightmapSeams: 0
  m_SelectedEditorRenderState: 0
  m_MinimumChartSize: 4
  m_AutoUVMaxDistance: 0.5
  m_AutoUVMaxAngle: 89
  m_LightmapParameters: {fileID: 0}
  m_SortingLayerID: 0
  m_SortingLayer: 0
  m_SortingOrder: 35
  m_Sprite: {fileID: 21300000, guid: 090db7c72e644457a9d515c609bdcf5e, type: 3}
  m_Color: {r: 1, g: 1, b: 1, a: 1}
  m_FlipX: 0
  m_FlipY: 0
  m_DrawMode: 0
  m_Size: {x: 5.58, y: 5.54}
  m_AdaptiveModeThreshold: 0.5
  m_SpriteTileMode: 0
  m_WasSpriteAssigned: 1
  m_MaskInteraction: 0
